<?xml version="1.0" encoding="utf-8"?>
<record xmlns="http://www.loc.gov/MARC21/slim" xmlns:xsi="http://www.w3.org/2001/XMLSchema-instance" xsi:schemaLocation="http://www.loc.gov/MARC21/slim http://www.loc.gov/standards/marcxml/schema/MARC21slim.xsd">
	<leader>     nam a22     Mi 4500</leader>
	<controlfield tag="001">2842432</controlfield>
	<controlfield tag="003">NjP</controlfield>
	<controlfield tag="006">m        d        </controlfield>
	<controlfield tag="007">cr cn |||m|||a</controlfield>
	<controlfield tag="008">190815s1883    mr      o     000 0 ara d</controlfield>
	<datafield ind1=" " ind2=" " tag="040">
		<subfield code="a">ZYU</subfield>
		<subfield code="b">ara</subfield>
		<subfield code="e">rda</subfield>
		<subfield code="c">ZYU</subfield>
	</datafield>
	<datafield ind1="1" ind2=" " tag="100">
		<subfield code="6">880-01</subfield>
		<subfield code="a">Qaṣṣārah, ʻAlī ibn Idrīs,</subfield>
		<subfield code="d">-1843 or 1844.</subfield>
	</datafield>
	<datafield ind1="1" ind2="0" tag="240">
		<subfield code="6">880-02</subfield>
		<subfield code="a">Ḥāshiyah ʻalá Sharḥ Bannānī ʻalá al-Sullam al-Akhḍarī</subfield>
	</datafield>
	<datafield ind1="1" ind2="0" tag="245">
		<subfield code="6">880-03</subfield>
		<subfield code="a">Ḥāshiyat al-ʻallāmah Sayyidī ʻAlī Qaṣṣārah ʻalá Sharḥ al-Imām al-muḥaqqiq al-shahīr Abī ʻAbd Allāh Sayyidī Muḥammad Bannānī ʻalá al-Sullam al-Akhḍarī.</subfield>
	</datafield>
	<datafield ind1="3" ind2="0" tag="246">
		<subfield code="6">880-04</subfield>
		<subfield code="a">Ḥāshiyat ʻAlī Qaṣṣārah ʻalá Sharḥ Abī ʻAbd Allāh Muḥammad Bannānī ʻalá al-Sullam al-Akhḍarī</subfield>
	</datafield>
	<datafield ind1=" " ind2=" " tag="260">
		<subfield code="a">[Morocco] :</subfield>
		<subfield code="b">[publisher not identified],</subfield>
		<subfield code="c">1300 [1883]</subfield>
	</datafield>
	<datafield ind1=" " ind2=" " tag="300">
		<subfield code="a">online resource (1 volume (various pagings))</subfield>
	</datafield>
	<datafield ind1=" " ind2=" " tag="336">
		<subfield code="a">text</subfield>
		<subfield code="2">rdacontent</subfield>
	</datafield>
	<datafield ind1=" " ind2=" " tag="337">
		<subfield code="a">computer</subfield>
		<subfield code="2">rdamedia</subfield>
	</datafield>
	<datafield ind1=" " ind2=" " tag="338">
		<subfield code="a">online resource</subfield>
		<subfield code="2">rdacarrier</subfield>
	</datafield>
	<datafield ind1=" " ind2=" " tag="500">
		<subfield code="a">Part of the Arabic Collections Online (ACO) project, contributed by Princeton University Libraries.</subfield>
	</datafield>
	<datafield ind1=" " ind2=" " tag="533">
		<subfield code="a">Electronic reproduction.</subfield>
		<subfield code="b">New York, N.Y. :</subfield>
		<subfield code="c">New York University,</subfield>
		<subfield code="d">2019.</subfield>
		<subfield code="5">NNU</subfield>
	</datafield>
	<datafield ind1="1" ind2="0" tag="600">
		<subfield code="a">Firʻawn, Muḥammad ibn Aḥmad,</subfield>
		<subfield code="d">-1845.</subfield>
		<subfield code="t">Sharḥ ʻalá Sullam fī ʻilm al-manṭiq.</subfield>
	</datafield>
	<datafield ind1="1" ind2="0" tag="600">
		<subfield code="a">Akhḍarī, ʻAbd al-Raḥmān ibn Muḥammad,</subfield>
		<subfield code="d">1512 or 1513-1575 or 1576.</subfield>
		<subfield code="t">Sullam fī ʻilm al-manṭiq.</subfield>
	</datafield>
	<datafield ind1=" " ind2="7" tag="655">
		<subfield code="a">Lithographs</subfield>
		<subfield code="z">Morocco</subfield>
		<subfield code="y">1883.</subfield>
		<subfield code="2">gmgpc</subfield>
	</datafield>
	<datafield ind1="1" ind2="2" tag="700">
		<subfield code="6">880-05</subfield>
		<subfield code="a">Firʻawn, Muḥammad ibn Aḥmad,</subfield>
		<subfield code="d"> -1845.</subfield>
		<subfield code="t">Sharḥ ʻalá Sullam fī ʻilm al-manṭiq. </subfield>
	</datafield>
	<datafield ind1="2" ind2=" " tag="710">
		<subfield code="a">Princeton University.</subfield>
		<subfield code="b">Library.</subfield>
	</datafield>
	<datafield ind1="0" ind2=" " tag="730">
		<subfield code="a">Arabic Collections Online.</subfield>
	</datafield>
	<datafield ind1="0" ind2=" " tag="740">
		<subfield code="6">880-06</subfield>
		<subfield code="a">Sullam fī ʻilm al-manṭiq.</subfield>
	</datafield>
	<datafield ind1="0" ind2="8" tag="776">
		<subfield code="i">Print version:</subfield>
		<subfield code="a">Qaṣṣārah, ʻAlī ibn Idrīs, -1843 or 1844.</subfield>
		<subfield code="t">Ḥāshiyat al-ʻallāmah Sayyidī ʻAlī Qaṣṣārah ʻalá Sharḥ al-Imām al-muḥaqqiq al-shahīr Abī ʻAbd Allāh Sayyidī Muḥammad Bannānī ʻalá al-Sullam al-Akhḍarī</subfield>
		<subfield code="w">(NjP)2842432</subfield>
		<subfield code="w">(OCoLC)78116258</subfield>
	</datafield>
	<datafield ind1="4" ind2="0" tag="856">
		<subfield code="u">http://hdl.handle.net/2333.1/8pk0pb7m</subfield>
	</datafield>
	<datafield ind1="1" ind2=" " tag="880">
		<subfield code="6">100-01</subfield>
		<subfield code="a">قصارة، علي بن ادريس، </subfield>
		<subfield code="d">-1843 or 1844.</subfield>
	</datafield>
	<datafield ind1="1" ind2="0" tag="880">
		<subfield code="6">240-02</subfield>
		<subfield code="a">حاشية على شرح بناني على السلم الاخضري</subfield>
	</datafield>
	<datafield ind1="1" ind2="0" tag="880">
		<subfield code="6">245-03</subfield>
		<subfield code="a">حاشية العلامة سيدي علي قصارة على شرح الامام المحقق الشهير ابي عبد الله سيدي محمد بناني على السلم الاخضري.</subfield>
	</datafield>
	<datafield ind1="3" ind2="0" tag="880">
		<subfield code="6">246-04</subfield>
		<subfield code="a">حاشية علي قصارة على شرح ابي عبد الله محمد بناني على السلم الاخضري</subfield>
	</datafield>
	<datafield ind1="1" ind2="2" tag="880">
		<subfield code="6">700-05</subfield>
		<subfield code="a">فرعون، محمد بن احمد،</subfield>
		<subfield code="d">-1845.</subfield>
		<subfield code="t">شرح على سلم في علم المنطق. </subfield>
	</datafield>
	<datafield ind1="0" ind2=" " tag="880">
		<subfield code="6">740-06</subfield>
		<subfield code="a">سلم في علم المنطق.</subfield>
	</datafield>
	<datafield ind1=" " ind2=" " tag="959">
		<subfield code="a">NNU</subfield>
		<subfield code="b">WEB</subfield>
		<subfield code="c">GENI</subfield>
		<subfield code="t">0</subfield>
		<subfield code="m">Electronic access</subfield>
		<subfield code="s">01</subfield>
	</datafield>
	<datafield ind1=" " ind2=" " tag="999">
		<subfield code="i">NjP_2842432</subfield>
		<subfield code="o">(OCoLC)ocm78116258</subfield>
		<subfield code="s">princeton_aco002265</subfield>
		<subfield code="e">(ERROR-880)(ERROR-MISC)</subfield>
		<subfield code="s">princeton_aco002265</subfield>
	</datafield>
</record>
